@paperSFFT{paperSFFT,
 author = {Hassanieh, Haitham and Indyk, Piotr and Katabi, Dina and Price, Eric},
 title = {Simple and Practical Algorithm for Sparse Fourier Transform},
 booktitle = {Proceedings of the Twenty-third Annual ACM-SIAM Symposium on Discrete Algorithms},
 series = {SODA '12},
 year = {2012},
 location = {Kyoto, Japan},
 pages = {1183--1194},
 numpages = {12},
 url = {httpdl.acm.orgcitation.cfmid=2095116.2095209},
 acmid = {2095209},
 publisher = {Society for Industrial and Applied Mathematics},
 address = {Philadelphia, PA, USA},
} 